% This file was created with JabRef 2.10.
% Encoding: Cp1252


@Misc{winningHarry2013,
  Title                    = {Whoâ€™s Winning, iOS or Android? All the Numbers, All in One Place},

  Author                   = {Harry McCracken},
  Month                    = {April},
  Year                     = {2013},

  Url                      = {http://goo.gl/SteXKp}
}

